@Misc{site,
  title = {IF672 2017.2 Algoritmos e Estruturas de Dados},
  howpublished = {\url{http://www.cin.ufpe.br/~paguso/courses/if672cc/atual/}},
  year = 2017
}

@Misc{wiki,
	title = {CinWiki da Disciplina},
	howpublished = {\url{https://www.cin.ufpe.br/~pet/wiki/Algoritmos_e_Estruturas_de_Dados}},
}

@Book{livro,
	author = {Levitin, Anany},
	title = {Introduction to the design and analysis of algorithms},
	publisher = {Addison Wesley},
	year = {2011},
}



